@article{Tang2019,
	doi = {10.1088/1361-648x/ab14c3},
	url = {https://doi.org/10.1088/1361-648x/ab14c3},
	year = 2019,
	month = {apr},
	publisher = {{IOP} Publishing},
	volume = {31},
	number = {26},
	pages = {265702},
	author = {Fangdong Tang and Peipei Wang and Peng Wang and Yuan Gan and G D Gu and Wei Zhang and Mingquan He and Liyuan Zhang},
	title = {Quasi-2D superconductivity in {FeTe}0.55Se0.45 ultrathin film},
	journal = {Journal of Physics: Condensed Matter}
}

article{Chen2010,
  title = {Pronounced effects of additional resistance in Andreev reflection spectroscopy},
  author = {Chen, T. Y. and Huang, S. X. and Chien, C. L.},
  journal = {Phys. Rev. B},
  volume = {81},
  issue = {21},
  pages = {214444},
  numpages = {10},
  year = {2010},
  month = {06},
  publisher = {American Physical Society},
  doi = {10.1103/PhysRevB.81.214444},
  url = {https://link.aps.org/doi/10.1103/PhysRevB.81.214444}
}


@article{Kashiwaya2000,
	doi = {10.1088/0034-4885/63/10/202},
	url = {https://doi.org/10.1088/0034-4885/63/10/202},
	year = 2000,
	month = {sep},
	publisher = {{IOP} Publishing},
	volume = {63},
	number = {10},
	pages = {1641--1724},
	author = {Satoshi Kashiwaya and Yukio Tanaka},
	title = {Tunnelling effects on surface bound states in unconventional superconductors},
	journal = {Reports on Progress in Physics},
}

@Article{Osterhoudt2019,
author={Osterhoudt, Gavin B.
and Diebel, Laura K.
and Gray, Mason J.
and Yang, Xu
and Stanco, John
and Huang, Xiangwei
and Shen, Bing
and Ni, Ni
and Moll, Philip J. W.
and Ran, Ying
and Burch, Kenneth S.},
title={Colossal mid-infrared bulk photovoltaic effect in a type-I Weyl semimetal},
journal={Nature Materials},
year={2019},
month={May},
day={01},
volume={18},
number={5},
pages={471-475},
issn={1476-4660},
doi={10.1038/s41563-019-0297-4},
url={https://doi.org/10.1038/s41563-019-0297-4}
}



@Article{Borisenko2020,
author={Borisenko, Sergey
and Bezguba, Volodymyr
and Fedorov, Alexander
and Kushnirenko, Yevhen
and Voroshnin, Vladimir
and Sturza, Mihai
and Aswartham, Saicharan
and Yaresko, Alexander},
title={Strongly correlated superconductor with polytypic 3D Dirac points},
journal={npj Quantum Materials},
year={2020},
month={09},
day={18},
volume={5},
number={1},
pages={67},
issn={2397-4648},
doi={10.1038/s41535-020-00268-4},
url={https://doi.org/10.1038/s41535-020-00268-4}
}


 
 @inbook{bernevig_hughes_2013,
    place={Princeton, NJ},
    title={Topological Superconductors in One and Two Dimensions},
    booktitle={Topological insulators and topological superconductors},
    publisher={Princeton University Press},
    author={Bernevig, B. Andrei and Hughes, Taylor L.},
    year={2013},
    pages={193â€“213}
} 

@article{Andreev1964,
    author = {Andreev, A. F.},
    title = {Thermal conductivity of the intermediate state of superconductors},
    journal = {Sov. Phys. JETP},
    volume = {19},
    pages = {1228},
    year = {1964}
}

@article{BTSAPLlocal2016,
	Author = {Tian, Yao and Osterhoudt, Gavin B. and Jia, Shuang and Cava, R. J. and Burch, Kenneth S.},
	Date-Added = {2020-03-01 21:21:41 -0500},
	Date-Modified = {2020-03-01 21:21:41 -0500},
	Doi = {http://dx.doi.org/10.1063/1.4941022},
	Journal = {Appl. Phys. Lett.},
	Number = {4},
	Pages = {041911},
	Title = {Local phonon mode in thermoelectric {Bi$_{2}$Te$_{2}$Se} from charge neutral antisites},
	Volume = {108},
	Year = {2016}}

@article{PhysRevB.82.064503,
	Author = {Sandilands, L J and Shen, J. X. and Chugunov, G. M. and Zhao, S Y F and Ono, Shimpei and Ando, Yoichi and Burch, K S},
	Date-Added = {2020-03-01 21:20:53 -0500},
	Date-Modified = {2020-03-01 21:20:53 -0500},
	Journal = {Phys. Rev. B},
	Number = {6},
	Pages = {064503},
	Title = {Stability of exfoliated {$Bi2 Sr2 Dyx Ca1-x Cu2 O8+\delta$} studied by Raman microscopy},
	Volume = {82},
	Year = {2010}}

@article{lei2019high,
	Author = {Lei, Shiming and Lin, Jingjing and Jia, Yanyu and Gray, Mason and Topp, Andreas and Farahi, Gelareh and Klemenz, Sebastian and Gao, Tong and Rodolakis, Fanny and McChesney, Jessica L. and Ast, Christian R. and Yazdani, Ali and Burch, Kenneth S. and Wu, Sanfeng and Ong, Nai Phuan and Schoop, Leslie M.},
	Date-Added = {2020-03-01 21:19:54 -0500},
	Date-Modified = {2020-03-01 21:19:54 -0500},
	Doi = {10.1126/sciadv.aay6407},
	Journal = {Science Advances},
	Number = {6},
	Title = {High mobility in a van der Waals layered antiferromagnetic metal},
	Volume = {6},
	Year = {2020}}

@article{YaoCGT2Dmat,
	Author = {Yao Tian and Mason J Gray and Huiwen Ji and R J Cava and Kenneth S Burch},
	Date-Added = {2020-03-01 21:17:21 -0500},
	Date-Modified = {2020-03-01 21:17:21 -0500},
	Journal = {2D Materials},
	Number = {2},
	Pages = {025035},
	Title = {Magneto-elastic coupling in a potential ferromagnetic 2D atomic crystal},
	Volume = {3},
	Year = {2016},
	Bdsk-Url-1 = {http://stacks.iop.org/2053-1583/3/i=2/a=025035}}

@article{KUMAR2020112123,
	Author = {Narendra Kumar and Wenjian Wang and Juan C. Ortiz-Marquez and Matthew Catalano and Mason Gray and Nadia Biglari and Kitadai Hikari and Xi Ling and Jianmin Gao and Tim van Opijnen and Kenneth S. Burch},
	Date-Added = {2020-03-01 21:15:18 -0500},
	Date-Modified = {2020-03-01 21:15:18 -0500},
	Doi = {https://doi.org/10.1016/j.bios.2020.112123},
	Issn = {0956-5663},
	Journal = {Biosensors and Bioelectronics},
	Keywords = {Biosensors, G-FET, Peptide probes, Dielectrophoresis, Antibiotic resistance bacteria, Electrical detection},
	Pages = {112123},
	Title = {Dielectrophoresis assisted rapid, selective and single cell detection of antibiotic resistant bacteria with G-FETs},
	Year = {2020}}

@article{Tian2016,
	Author = {Tian,Yao and Reijnders,Anjan A. and Osterhoudt,Gavin B. and Valmianski,Ilya and Ramirez,J. G. and Urban,Christian and Zhong,Ruidan and Schneeloch,John and Gu,Genda and Henslee,Isaac and Burch,Kenneth S.},
	Doi = {10.1063/1.4944559},
	Eprint = {https://doi.org/10.1063/1.4944559},
	Journal = {Review of Scientific Instruments},
	Number = {4},
	Pages = {043105},
	Title = {Low vibration high numerical aperture automated variable temperature Raman microscope},
	Volume = {87},
	Year = {2016}}

@article{Ross2013,
	Author = {Ross, Jason S. and Wu, Sanfeng and Yu, Hongyi and Ghimire, Nirmal J. and Jones, Aaron M. and Aivazian, Grant and Yan, Jiaqiang and Mandrus, David G. and Xiao, Di and Yao, Wang and Xu, Xiaodong},
	Doi = {10.1038/ncomms2498},
	Journal = {Nature Communications},
	Number = {1},
	Pages = {1474},
	Title = {Electrical control of neutral and charged excitons in a monolayer semiconductor},
	Volume = {4},
	Year = {2013}}

@article{Mak2013,
	Address = {Departments of Physics and Electrical Engineering, Columbia University, New York, NY 10027, USA.},
	Author = {Mak, Kin Fai and He, Keliang and Lee, Changgu and Lee, Gwan Hyoung and Hone, James and Heinz, Tony F and Shan, Jie},
	Doi = {10.1038/nmat3505},
	Journal = {Nature materials},
	Month = {03},
	Number = {3},
	Pages = {207--211},
	Publisher = {Nature Publishing Group},
	Title = {Tightly bound trions in monolayer MoS2.},
	Volume = {12},
	Year = {2013}}

@article{Lui2009,
	Author = {Lui, Chun Hung and Liu, Li and Mak, Kin Fai and Flynn, George W. and Heinz, Tony F.},
	Doi = {10.1038/nature08569},
	Issn = {1476-4687},
	Journal = {Nature},
	Number = {7271},
	Pages = {339-341},
	Title = {Ultraflat graphene},
	Volume = {462},
	Year = {2009}}

@article{Chae2016,
	Author = {Chae, Sang Hoon and Jin, Youngjo and Kim, Tae Soo and Chung, Dong Seob and Na, Hyunyeong and Nam, Honggi and Kim, Hyun and Perello, David J. and Jeong, Hye Yun and Ly, Thuc Hue and Lee, Young Hee},
	Day = {26},
	Doi = {10.1021/acsnano.5b06680},
	Issn = {1936-0851},
	Journal = {ACS Nano},
	Month = {01},
	Number = {1},
	Pages = {1309-1316},
	Publisher = {American Chemical Society},
	Title = {Oxidation Effect in Octahedral Hafnium Disulfide Thin Film},
	Volume = {10},
	Year = {2016}}

@article{Butler:2013ha,
	Author = {Butler, S Z and Hollen, S M and Cao, L and Cui, Y. and Gupta, J A and Guti{\'e}rrez, H R and Heinz, T F and Hong, S.~S. and Huang, J and Ismach, A F and Johnston-Halperin, E and Kuno, M and Plashnitsa, V V and Robinson, R D and Ruoff, R S and Salahuddin, S and Shan, J and Shi, L and Spencer, M G and Terrones, M and Windl, W and Goldberger, J E},
	Date-Added = {2020-01-04 17:55:02 -0500},
	Date-Modified = {2020-01-04 17:55:02 -0500},
	Journal = {Acs Nano},
	Number = {4},
	Pages = {2898--2926},
	Title = {Progress, challenges, and opportunities in two-dimensional materials beyond graphene},
	Volume = {7},
	Year = {2013}}

@article{Cao2018,
	Author = {Cao, Yuan and Fatemi, Valla and Fang, Shiang and Watanabe, Kenji and Taniguchi, Takashi and Kaxiras, Efthimios and Jarillo-Herrero, Pablo},
	Date-Added = {2020-01-04 17:30:13 -0500},
	Date-Modified = {2020-01-04 17:30:13 -0500},
	Doi = {10.1038/nature26160},
	Issn = {14764687},
	Journal = {Nature},
	Title = {{Unconventional superconductivity in magic-angle graphene superlattices}},
	Year = {2018}}

@article{Tran:2019aa,
	Author = {Tran, Kha and Moody, Galan and Wu, Fengcheng and Lu, Xiaobo and Choi, Junho and Kim, Kyounghwan and Rai, Amritesh and Sanchez, Daniel A. and Quan, Jiamin and Singh, Akshay and Embley, Jacob and Zepeda, Andr{\'e} and Campbell, Marshall and Autry, Travis and Taniguchi, Takashi and Watanabe, Kenji and Lu, Nanshu and Banerjee, Sanjay K. and Silverman, Kevin L. and Kim, Suenne and Tutuc, Emanuel and Yang, Li and MacDonald, Allan H. and Li, Xiaoqin},
	Da = {2019/03/01},
	Date-Added = {2020-01-04 17:30:13 -0500},
	Date-Modified = {2020-01-04 17:30:13 -0500},
	Doi = {10.1038/s41586-019-0975-z},
	Id = {Tran2019},
	Journal = {Nature},
	Number = {7746},
	Pages = {71--75},
	Title = {Evidence for moir{\'e} excitons in van der Waals heterostructures},
	Ty = {JOUR},
	Volume = {567},
	Year = {2019}}

@article{Jin:2019aa,
	Author = {Jin, Chenhao and Regan, Emma C. and Yan, Aiming and Iqbal Bakti Utama, M. and Wang, Danqing and Zhao, Sihan and Qin, Ying and Yang, Sijie and Zheng, Zhiren and Shi, Shenyang and Watanabe, Kenji and Taniguchi, Takashi and Tongay, Sefaattin and Zettl, Alex and Wang, Feng},
	Da = {2019/03/01},
	Date-Added = {2020-01-04 17:30:13 -0500},
	Date-Modified = {2020-01-04 17:30:13 -0500},
	Doi = {10.1038/s41586-019-0976-y},
	Id = {Jin2019},
	Journal = {Nature},
	Number = {7746},
	Pages = {76--80},
	Title = {Observation of moir{\'e}excitons in WSe2/WS2 heterostructure superlattices},
	Ty = {JOUR},
	Volume = {567},
	Year = {2019}}

@article{Alexeev:2019aa,
	Author = {Alexeev, Evgeny M. and Ruiz-Tijerina, David A. and Danovich, Mark and Hamer, Matthew J. and Terry, Daniel J. and Nayak, Pramoda K. and Ahn, Seongjoon and Pak, Sangyeon and Lee, Juwon and Sohn, Jung Inn and Molas, Maciej R. and Koperski, Maciej and Watanabe, Kenji and Taniguchi, Takashi and Novoselov, Kostya S. and Gorbachev, Roman V. and Shin, Hyeon Suk and Fal'ko, Vladimir I. and Tartakovskii, Alexander I.},
	Da = {2019/03/01},
	Date-Added = {2020-01-04 17:30:13 -0500},
	Date-Modified = {2020-01-04 17:30:13 -0500},
	Doi = {10.1038/s41586-019-0986-9},
	Id = {Alexeev2019},
	Journal = {Nature},
	Number = {7746},
	Pages = {81--86},
	Title = {Resonantly hybridized excitons in moir{\'e}superlattices in van der Waals heterostructures},
	Ty = {JOUR},
	Volume = {567},
	Year = {2019}}

@article{Yankowitz2019,
	Author = {Yankowitz, Matthew and Chen, Shaowen and Polshyn, Hryhoriy and Zhang, Yuxuan and Watanabe, K. and Taniguchi, T. and Graf, David and Young, Andrea F. and Dean, Cory R.},
	Date-Added = {2020-01-04 17:30:13 -0500},
	Date-Modified = {2020-01-04 17:30:13 -0500},
	Doi = {10.1126/science.aav1910},
	Issn = {10959203},
	Journal = {Science},
	Title = {Tuning superconductivity in twisted bilayer graphene},
	Year = {2019}}

@article{Hellman2017Rev,
	Author = {Hellman, Frances and Hoffmann, Axel and Tserkovnyak, Yaroslav and Beach, Geoffrey S. D. and Fullerton, Eric E. and Leighton, Chris and MacDonald, Allan H. and Ralph, Daniel C. and Arena, Dario A. and D\"urr, Hermann A. and Fischer, Peter and Grollier, Julie and Heremans, Joseph P. and Jungwirth, Tomas and Kimel, Alexey V. and Koopmans, Bert and Krivorotov, Ilya N. and May, Steven J. and Petford-Long, Amanda K. and Rondinelli, James M. and Samarth, Nitin and Schuller, Ivan K. and Slavin, Andrei N. and Stiles, Mark D. and Tchernyshyov, Oleg and Thiaville, Andr\'e and Zink, Barry L.},
	Date-Added = {2020-01-04 17:22:50 -0500},
	Date-Modified = {2020-01-04 17:22:50 -0500},
	Doi = {10.1103/RevModPhys.89.025006},
	Journal = {Rev. Mod. Phys.},
	Pages = {025006},
	Title = {Interface-Induced Phenomena in Magnetism},
	Volume = {89},
	Year = {2017}}

@article{Wang2016,
	Author = {Wang, Lili and Ma, Xucun and Xue, Qi-Kun},
	Date-Added = {2020-01-04 17:20:11 -0500},
	Date-Modified = {2020-01-04 17:20:11 -0500},
	Journal = {Superconductor Science and Technology},
	Month = {12}},
	Number = {1},
	Pages = {123001},
	Title = {Interface high-temperature superconductivity},
	Volume = {29},
	Year = {2016}}

@article{Gerber2017FeSe,
	Author = {Gerber, S. and Yang, S.-L. and Zhu, D. and Soifer, H. and Sobota, J. A. and Rebec, S. and Lee, J. J. and Jia, T. and Moritz, B. and Jia, C. and Gauthier, A. and Li, Y. and Leuenberger, D. and Zhang, Y. and Chaix, L. and Li, W. and Jang, H. and Lee, J.-S. and Yi, M. and Dakovski, G. L. and Song, S. and Glownia, J. M. and Nelson, S. and Kim, K. W. and Chuang, Y.-D. and Hussain, Z. and Moore, R. G. and Devereaux, T. P. and Lee, W.-S. and Kirchmann, P. S. and Shen, Z.-X.},
	Date-Added = {2020-01-04 17:19:55 -0500},
	Date-Modified = {2020-01-04 17:19:55 -0500},
	Doi = {10.1126/science.aak9946},
	Journal = {Science},
	Month = {07},
	Number = {6346},
	Pages = {71--75},
	Title = {Femtosecond electron-phonon lock-in by photoemission and x-ray free-electron laser},
	Volume = {357},
	Year = {2017}}

@misc{Island2019,
	Author = {Island, J. O. and Cui, X. and Lewandowski, C. and Khoo, J. Y. and Spanton, E. M. and Zhou, H. and Rhodes, D. and Hone, J. C. and Taniguchi, T. and Watanabe, K. and Levitov, L. S. and Zaletel, M. P. and Young, A. F.},
	Booktitle = {Nature},
	Date-Added = {2020-01-04 17:17:57 -0500},
	Date-Modified = {2020-01-04 17:17:57 -0500},
	Doi = {10.1038/s41586-019-1304-2},
	Issn = {14764687},
	Title = {Spin--orbit-driven band inversion in bilayer graphene by the van der Waals proximity effect},
	Year = {2019}}

@article{doi:10.1021/acsnano.6b04110,
	Author = {Ping, Jinglei and Vishnubhotla, Ramya and Vrudhula, Amey and Johnson, A. T. Charlie},
	Date-Added = {2020-01-04 15:44:25 -0500},
	Date-Modified = {2020-01-04 15:44:25 -0500},
	Doi = {10.1021/acsnano.6b04110},
	Eprint = {http://dx.doi.org/10.1021/acsnano.6b04110},
	Journal = {ACS Nano},
	Number = {9},
	Pages = {8700-8704},
	Title = {Scalable Production of High-Sensitivity, Label-Free DNA Biosensors Based on Back-Gated Graphene Field Effect Transistors},
	Volume = {10},
	Year = {2016}}

@article{Damasco2019tunnel,
	Author = {Damasco,J. and Gill,S. T. and Gazibegovic,S. and Badawy,G. and Bakkers,E. P. A. M. and Mason,N.},
	Date-Added = {2020-01-04 15:40:56 -0500},
	Date-Modified = {2020-01-04 15:40:56 -0500},
	Doi = {10.1063/1.5108539},
	Eprint = {https://doi.org/10.1063/1.5108539},
	Journal = {Applied Physics Letters},
	Number = {4},
	Pages = {043503},
	Title = {Engineering tunnel junctions on ballistic semiconductor nanowires},
	Volume = {115},
	Year = {2019}}

@article{Zareapour:2012ja,
	Author = {Zareapour, Parisa and Hayat, Alex and Zhao, Shu Yang F and Kreshchuk, Michael and Jain, Achint and Kwok, Daniel C and Lee, Nara and Cheong, Sang-Wook and Xu, Zhijun and Yang, Alina and Gu, G D and Jia, Shuang and Cava, Robert J and Burch, Kenneth S},
	Date-Added = {2020-01-04 15:08:03 -0500},
	Date-Modified = {2020-01-04 15:08:03 -0500},
	Journal = {Nature communications},
	Pages = {1056--8},
	Title = {Proximity-induced high-temperature superconductivity in the topological insulators Bi2Se3 and Bi2Te3},
	Volume = {3},
	Year = {2012}}

@article{Tang2017WTe2,
	Author = {Tang, Shujie and Zhang, Chaofan and Wong, DIllon and Pedramrazi, Zahra and Tsai, Hsin-Zon and Jia, Chunjing and Moritz, Brian and Claassen, Martin and Ryu, Hyejin and Kahn, Salman and Jiang, Juan and Yan, Hao and Hashimoto, Makoto and Lu, Donghui and Moore, Robert G. and Hwang, Chan-Cuk and Hwang, Choongyu and Hussain, Zahid and Chen, Yulin and Ugeda, Miguel M. and Liu, Zhi and Xie, Xiaoming and Devereaux, Thomas P. and Crommie, Michael F. and Mo, Sung-Kwan and Shen, Zhi-Xun},
	Date-Added = {2020-01-04 15:06:59 -0500},
	Date-Modified = {2020-01-04 15:06:59 -0500},
	Doi = {10.1038/nphys4174},
	Issn = {1745-2473},
	Journal = {Nature Physics},
	Month = {07},
	Number = {7},
	Pages = {683--687},
	Title = {Quantum spin Hall state in monolayer 1T'-WTe2},
	Volume = {13},
	Year = {2017}}

@article{stepanov2018long,
	Author = {Stepanov, Petr and Che, Shi and Shcherbakov, Dmitry and Yang, Jiawei and Chen, Ruoyu and Thilahar, Kevin and Voigt, Greyson and Bockrath, Marc W. and Smirnov, Dmitry and Watanabe, Kenji and Taniguchi, Takashi and Lake, Roger K. and Barlas, Yafis and MacDonald, Allan H. and Lau, Chun Ning},
	Date-Added = {2020-01-04 15:05:11 -0500},
	Date-Modified = {2020-01-04 17:29:12 -0500},
	Journal = {Nature Physics},
	Number = {9},
	Pages = {907},
	Publisher = {Nature Publishing Group},
	Title = {Long-distance spin transport through a graphene quantum Hall antiferromagnet},
	Volume = {14},
	Year = {2018}}

@article{Wu2018WTe2,
	Author = {Wu, Sanfeng and Fatemi, Valla and Gibson, Quinn D. and Watanabe, Kenji and Taniguchi, Takashi and Cava, Robert J. and Jarillo-Herrero, Pablo},
	Date-Added = {2020-01-04 15:01:14 -0500},
	Date-Modified = {2020-01-04 15:01:14 -0500},
	Doi = {10.1126/science.aan6003},
	Issn = {0036-8075},
	Journal = {Science},
	Keywords = {2D atomic crystals,Quantum Spin Hall,WTe2,transport},
	Month = {01},
	Number = {6371},
	Pages = {76--79},
	Title = {Observation of the quantum spin Hall effect up to 100 kelvin in a monolayer crystal},
	Volume = {359},
	Year = {2018}}

@article{Sharpe2019,
	Author = {Sharpe, Aaron L. and Fox, Eli J. and Barnard, Arthur W. and Finney, Joe and Watanabe, Kenji and Taniguchi, Takashi and Kastner, M. A. and Goldhaber-Gordon, David},
	Date-Added = {2020-01-04 15:00:21 -0500},
	Date-Modified = {2020-01-04 15:00:21 -0500},
	Doi = {10.1126/science.aaw3780},
	Issn = {0036-8075},
	Journal = {Science},
	Title = {Emergent ferromagnetism near three-quarters filling in twisted bilayer graphene},
	Year = {2019}}

@article{yin2011single,
	Author = {Yin, Zongyou and Li, Hai and Li, Hong and Jiang, Lin and Shi, Yumeng and Sun, Yinghui and Lu, Gang and Zhang, Qing and Chen, Xiaodong and Zhang, Hua},
	Date-Added = {2020-01-04 14:40:48 -0500},
	Date-Modified = {2020-01-04 14:40:48 -0500},
	Journal = {ACS nano},
	Number = {1},
	Pages = {74--80},
	Publisher = {ACS Publications},
	Title = {Single-layer MoS2 phototransistors},
	Volume = {6},
	Year = {2011}}

@article{Radisavljevic:2011kx,
	Author = {Radisavljevic, B and Radenovic, A and Brivio, J and Giacometti, V and Kis, A},
	Date-Added = {2020-01-04 14:40:48 -0500},
	Date-Modified = {2020-01-04 14:40:48 -0500},
	Journal = {Nature Nanotechnology},
	Pages = {147},
	Title = {Single-layer MoS2 transistors},
	Volume = {6},
	Year = {2011}}

@article{wu2018raman,
	Author = {Wu, Jiang-Bin and Lin, Miao-Ling and Cong, Xin and Liu, He-Nan and Tan, Ping-Heng},
	Date-Added = {2020-01-04 14:36:08 -0500},
	Date-Modified = {2020-01-04 14:36:08 -0500},
	Journal = {Chemical Society Reviews},
	Number = {5},
	Pages = {1822--1873},
	Publisher = {Royal Society of Chemistry},
	Title = {Raman spectroscopy of graphene-based materials and its applications in related devices},
	Volume = {47},
	Year = {2018}}

@article{Zhou2018,
	Author = {Boyi Zhou and Yiping Wang and Gavin B. Osterhoudt and Paula Lampen-Kelley and David Mandrus and Rui He and Kenneth S. Burch and Erik A. Henriksen},
	Date-Added = {2020-01-04 14:32:56 -0500},
	Date-Modified = {2020-01-04 14:32:56 -0500},
	Doi = {https://doi.org/10.1016/j.jpcs.2018.01.026},
	Issn = {0022-3697},
	Journal = {Journal of Physics and Chemistry of Solids},
	Keywords = {D. Phonons},
	Pages = {},
	Title = {Possible Structural Transformation and Enhanced Magnetic Fluctuations in Exfoliated {$\alpha$}-RuCl{$_3$}},
	Year = {2018}}

@article{YHlee2017review,
	Annote = {doi: 10.1021/acsnano.7b07436},
	Author = {Duong, Dinh Loc and Yun, Seok Joon and Lee, Young Hee},
	Booktitle = {ACS Nano},
	Da = {2017/12/26},
	Date = {2017/12/26},
	Date-Added = {2020-01-04 14:31:53 -0500},
	Date-Modified = {2020-01-04 14:31:53 -0500},
	Doi = {10.1021/acsnano.7b07436},
	Journal = {ACS Nano},
	Journal1 = {ACS Nano},
	M3 = {doi: 10.1021/acsnano.7b07436},
	Month = {12},
	Number = {12},
	Pages = {11803--11830},
	Publisher = {American Chemical Society},
	Title = {van der Waals Layered Materials: Opportunities and Challenges},
	Ty = {JOUR},
	Volume = {11},
	Year = {2017},
	Year1 = {2017}}

@article{Dean:2012ht,
	Author = {Dean, C and Young, A F and Wang, L and Meric, I and Lee, G H and Watanabe, K and Taniguchi, T and Shepard, K and Kim, P and Hone, J},
	Date-Added = {2020-01-04 14:31:02 -0500},
	Date-Modified = {2020-01-04 14:31:02 -0500},
	Journal = {Solid State Communications},
	Number = {15},
	Pages = {1275--1282},
	Title = {Graphene based heterostructures},
	Volume = {152},
	Year = {2012}}

@article{doi:10.1021/nl5006542,
	Author = {Kretinin, A. V. and Cao, Y. and Tu, J. S. and Yu, G. L. and Jalil, R. and Novoselov, K. S. and Haigh, S. J. and Gholinia, A. and Mishchenko, A. and Lozada, M. and Georgiou, T. and Woods, C. R. and Withers, F. and Blake, P. and Eda, G. and Wirsig, A. and Hucho, C. and Watanabe, K. and Taniguchi, T. and Geim, A. K. and Gorbachev, R. V.},
	Date-Added = {2020-01-04 14:30:18 -0500},
	Date-Modified = {2020-01-04 14:30:18 -0500},
	Doi = {10.1021/nl5006542},
	Eprint = {http://pubs.acs.org/doi/pdf/10.1021/nl5006542},
	Journal = {Nano Letters},
	Number = {6},
	Pages = {3270-3276},
	Title = {Electronic Properties of Graphene Encapsulated with Different Two-Dimensional Atomic Crystals},
	Volume = {14},
	Year = {2014}}

@article{Shahil:2010fg,
	Author = {Shahil, K M F and Hossain, M Z and Teweldebrhan, D and Balandin, A A},
	Date-Added = {2020-01-04 14:28:15 -0500},
	Date-Modified = {2020-01-04 14:28:15 -0500},
	Journal = {Applied Physics Letters},
	Pages = {3103},
	Title = {Crystal symmetry breaking in few-quintuple Bi2Te3 films: Applications in nanometrology of topological insulators},
	Volume = {96},
	Year = {2010}}

@article{Ferrari:2013jx,
	Author = {Ferrari, Andrea C and Basko, Denis M},
	Date-Added = {2020-01-04 14:27:11 -0500},
	Date-Modified = {2020-01-04 14:27:11 -0500},
	Journal = {Nature Nanotechnology},
	Number = {4},
	Pages = {235--246},
	Title = {Raman spectroscopy as a versatile tool for studying the properties of graphene.},
	Volume = {8},
	Year = {2013}}

@article{Gray2019,
	Author = {Gray, Mason J. and Freudenstein, Josef and Zhao, Shu Yang F. and O'Connor, Ryan and Jenkins, Samuel and Kumar, Narendra and Hoek, Marcel and Kopec, Abigail and Huh, Soonsang and Taniguchi, Takashi and Watanabe, Kenji and Zhong, Ruidan and Kim, Changyoung and Gu, G. D. and Burch, K. S.},
	Doi = {10.1021/acs.nanolett.9b00844},
	Eprint = {https://doi.org/10.1021/acs.nanolett.9b00844},
	Journal = {Nano Letters},
	Note = {PMID: 31268723},
	Number = {8},
	Pages = {4890-4896},
	Title = {Evidence for Helical Hinge Zero Modes in an Fe-Based Superconductor},
	Volume = {19},
	Year = {2019}}

@article{Yang2019,
	Author = {R. {Yang} and W. {Luo} and S. {Chi} and D. {Bonn} and G. M. {Xia}},
	Doi = {10.1109/TNANO.2018.2877524},
	Issn = {1941-0085},
	Journal = {IEEE Transactions on Nanotechnology},
	Pages = {37-41},
	Title = {The Stability of Exfolicated FeSe Nanosheets During in-air Device Fabrication Processes},
	Volume = {18},
	Year = {2019}}

@article{Kawai2018,
	Author = {M Kawai and F Nabeshima and A Maeda},
	Doi = {10.1088/1742-6596/1054/1/012023},
	Journal = {Journal of Physics: Conference Series},
	Month = {07},
	Pages = {012023},
	Publisher = {IOP Publishing},
	Title = {Transport properties of FeSe epitaxial thin films under in-plane strain},
	Volume = {1054},
	Year = {2018}}

@article{Brotons-Gisbert2019,
	Author = {Brotons-Gisbert, Mauro and Branny, Artur and Kumar, Santosh and Picard, Rapha{\"e}l and Proux, Rapha{\"e}l and Gray, Mason and Burch, Kenneth S. and Watanabe, Kenji and Taniguchi, Takashi and Gerardot, Brian D.},
	Doi = {10.1038/s41565-019-0402-5},
	Issn = {1748-3395},
	Journal = {Nature Nanotechnology},
	Number = {5},
	Pages = {442-446},
	Title = {Coulomb blockade in an atomically thin quantum dot coupled to a tunable Fermi reservoir},
	Volume = {14},
	Year = {2019}}

@article{Woods2014,
	Author = {Woods, Colin and Britnell, Liam and Eckmann, Axel and Yu, Geliang and Gorbachev, Roman and Kretinin, Andrey and Park, J. and Ponomarenko, L. and Katsnelson, Mikhail and Gornostyrev, Yuri and Watanabe, K. and Taniguchi, Takashi and Casiraghi, C. and Guo, Haiming and Geim, A. and Novoselov, K.},
	Doi = {10.1038/nphys2954},
	Journal = {Nature Physics},
	Month = {04},
	Pages = {451-456},
	Title = {Commensurate-incommensurate transition in graphene on hexagonal boron nitride},
	Volume = {10},
	Year = {2014}}

@article{liu2012expression,
	Author = {Liu, Chia-Ming and Lin, Yueh-Min and Yeh, Kun-Tu and Chen, Mu-Kuan and Chang, Jer-Hwa and Chen, Chih-Jung and Chou, Ming-Yung and Yang, Shun-Fa and Chien, Ming-Hsien},
	Date-Added = {2019-07-05 10:27:39 -0400},
	Date-Modified = {2019-07-05 10:27:39 -0400},
	Journal = {Journal of Oral Pathology \& Medicine},
	Number = {7},
	Pages = {533--539},
	Publisher = {Wiley Online Library},
	Title = {Expression of carbonic anhydrases I/II and the correlation to clinical aspects of oral squamous cell carcinoma analyzed using tissue microarray},
	Volume = {41},
	Year = {2012}}

@article{chang2012carbonic,
	Author = {Chang, Xiaotian and Zheng, Yabing and Yang, Qingrui and Wang, Lin and Pan, Jihong and Xia, Yifang and Yan, Xinfeng and Han, Jinxiang},
	Date-Added = {2019-07-05 10:27:32 -0400},
	Date-Modified = {2019-07-05 10:27:32 -0400},
	Journal = {Arthritis research \& therapy},
	Number = {4},
	Pages = {R176},
	Publisher = {BioMed Central},
	Title = {Carbonic anhydrase I (CA1) is involved in the process of bone formation and is susceptible to ankylosing spondylitis},
	Volume = {14},
	Year = {2012}}

@article{TanakaTopSym2012,
	Author = {Tanaka ,Yukio and Sato ,Masatoshi and Nagaosa ,Naoto},
	Doi = {10.1143/JPSJ.81.011013},
	Eprint = {https://doi.org/10.1143/JPSJ.81.011013},
	Journal = {Journal of the Physical Society of Japan},
	Number = {1},
	Pages = {011013},
	Title = {Symmetry and Topology in Superconductors --Odd-Frequency Pairing and Edge States--},
	Volume = {81},
	Year = {2012}}

@article{Yakovenko2002,
	Author = {Sengupta, K. and Kwon, Hyok-Jon and M. Yakovenko, Victor},
	Doi = {10.1103/PhysRevB.65.104504},
	Issue = {10},
	Journal = {Phys. Rev. B},
	Month = {02},
	Numpages = {6},
	Pages = {104504},
	Publisher = {American Physical Society},
	Title = {Edge states and determination of pairing symmetry in superconducting {${\mathrm{Sr}}_{2}{\mathrm{RuO}}_{4}$}},
	Volume = {65},
	Year = {2002}}

@article{Daghero2014,
	Author = {D Daghero and P Pecchio and G A Ummarino and F Nabeshima and Y Imai and A Maeda and I Tsukada and S Komiya and R S Gonnelli},
	Doi = {10.1088/0953-2048/27/12/124014},
	Journal = {Superconductor Science and Technology},
	Month = {11},
	Number = {12},
	Pages = {124014},
	Publisher = {IOP Publishing},
	Title = {Point-contact Andreev-reflection spectroscopy in Fe(Te,Se) films: multiband superconductivity and electron-boson coupling},
	Volume = {27},
	Year = {2014}}

@article{BTK,
	Author = {Blonder, G. E. and Tinkham, M. and Klapwijk, T. M.},
	Doi = {10.1103/PhysRevB.25.4515},
	Issue = {7},
	Journal = {Phys. Rev. B},
	Month = {04},
	Numpages = {7},
	Pages = {4515--4532},
	Publisher = {American Physical Society},
	Title = {Transition from metallic to tunneling regimes in superconducting microconstrictions: Excess current, charge imbalance, and supercurrent conversion},
	Volume = {25},
	Year = {1982}}

@article{Lofwander2001,
	Adsnote = {Provided by the SAO/NASA Astrophysics Data System},
	Adsurl = {https://ui.adsabs.harvard.edu/abs/2001SuScT..14R..53L},
	Author = {{L{\"o}fwander}, T. and {Shumeiko}, V.~S. and {Wendin}, G.},
	Doi = {10.1088/0953-2048/14/5/201},
	Eprint = {cond-mat/0102276},
	Journal = {Superconductor Science Technology},
	Month = {05},
	Pages = {R53-R77},
	Title = {TOPICAL REVIEW: Andreev bound states in high-T{$_{c}$} superconducting junctions},
	Volume = 14,
	Year = {2001}}

@article{Setiawan2017,
	Author = {Setiawan, F. and Liu, Chun-Xiao and Sau, Jay D. and Das Sarma, S.},
	Doi = {10.1103/PhysRevB.96.184520},
	Issue = {18},
	Journal = {Phys. Rev. B},
	Month = {11},
	Numpages = {19},
	Pages = {184520},
	Publisher = {American Physical Society},
	Title = {Electron temperature and tunnel coupling dependence of zero-bias and almost-zero-bias conductance peaks in Majorana nanowires},
	Volume = {96},
	Year = {2017}}

@article{zhang2017quantum,
	Author = {Zhang, Ying-Tao and Hou, Zhe and Xie, X. C. and Sun, Qing-Feng},
	Doi = {10.1103/PhysRevB.95.245433},
	Issue = {24},
	Journal = {Phys. Rev. B},
	Month = {06},
	Numpages = {6},
	Pages = {245433},
	Publisher = {American Physical Society},
	Title = {Quantum perfect crossed Andreev reflection in top-gated quantum anomalous Hall insulator--superconductor junctions},
	Volume = {95},
	Year = {2017}}

@article{Ghorashi2019,
	Archiveprefix = {arXiv},
	Author = {{Ghorashi}, Sayed Ali Akbar and {Hu}, Xiang and {Hughes}, Taylor L. and {Rossi}, Enrico},
	Eid = {arXiv:1901.07579},
	Eprint = {1901.07579},
	Journal = {arXiv e-prints},
	Keywords = {Condensed Matter - Mesoscale and Nanoscale Physics, Condensed Matter - Strongly Correlated Electrons, Condensed Matter - Superconductivity},
	Month = {01},
	Pages = {arXiv:1901.07579},
	Primaryclass = {cond-mat.mes-hall},
	Title = {Second-order Dirac superconductors and magnetic field induced Majorana hinge modes},
	Year = {2019}}

@article{Zhongbo2018,
	Author = {Yan, Zhongbo and Song, Fei and Wang, Zhong},
	Doi = {10.1103/PhysRevLett.121.096803},
	Issue = {9},
	Journal = {Phys. Rev. Lett.},
	Month = {08},
	Numpages = {9},
	Pages = {096803},
	Publisher = {American Physical Society},
	Title = {Majorana Corner Modes in a High-Temperature Platform},
	Url = {https://link.aps.org/doi/10.1103/PhysRevLett.121.096803},
	Volume = {121},
	Year = {2018}}

@article{2004PhyC..408..618C,
	Author = {Chang, Hyun-Sik and Bae, Myung-Ho and Lee, Hu-Jong},
	Date-Added = {2019-02-13 20:26:31 -0500},
	Date-Modified = {2019-02-13 20:26:31 -0500},
	Journal = {Physica C},
	Pages = {618--619},
	Title = {McMillan-Rowell oscillations observed in c-axis Au/Bi2Sr2CaCu2O8+{$\delta$} junctions},
	Volume = {408},
	Year = {2004}}

@article{2004PhRvB..69m2507S,
	Author = {Shkedy, L and Aronov, P and Koren, G and Polturak, E},
	Date-Added = {2019-02-13 20:26:31 -0500},
	Date-Modified = {2019-02-13 20:26:31 -0500},
	Journal = {Physical Review B},
	Number = {13},
	Pages = {132507},
	Title = {Observation of McMillan-Rowell like oscillations in underdoped YBa2Cu3Oy junctions oriented along the node of the d-wave order parameter},
	Volume = {69},
	Year = {2004}}

@article{Tanaka2012,
	Archiveprefix = {arXiv},
	Arxivid = {1105.4700},
	Author = {Tanaka, Yukio and Sato, Masatoshi and Nagaosa, Naoto},
	Date-Added = {2019-02-13 20:06:03 -0500},
	Date-Modified = {2019-02-13 20:06:03 -0500},
	Doi = {10.1143/JPSJ.81.011013},
	Eprint = {1105.4700},
	Issn = {0031-9015},
	Journal = {J. Phys. Soc. Japan},
	Month = {01},
	Number = {1},
	Pages = {011013},
	Title = {Symmetry and Topology in Superconductors --Odd-Frequency Pairing and Edge States--},
	Volume = {81},
	Year = {2012}}

@article{Park:2010wo,
	Author = {Park, W K and Hunt, C R and Arham, H Z and Xu, Z J and Wen, J S and Lin, Z W and Li, Q and Gu, G D and Greene, L H},
	Date-Added = {2019-02-13 20:05:41 -0500},
	Date-Modified = {2019-02-13 20:05:41 -0500},
	Eprinttype = {arxiv},
	Journal = {arXiv},
	Pages = {1005.0190},
	Title = {Strong Coupling Superconductivity in Iron-Chalcogenide FeTe{$_{0.55}$}Se{$_{0.45}$}},
	Year = {2010}}

@article{Kreisel2016,
	Author = {Kreisel, Andreas and Andersen, Brian M and Sprau, Peter O and Kostin, Andrey and {S{\'{e}}amus Davis}, J C and Hirschfeld, P J},
	Date-Added = {2019-02-13 15:43:33 -0500},
	Date-Modified = {2019-02-13 15:43:33 -0500},
	Journal = {arXiv.org},
	Month = {11},
	Pages = {arXiv:1611.02643},
	Publisher = {Cornell University Library},
	Title = {Orbital selective pairing and gap structures of iron-based superconductors},
	Volume = {1611},
	Year = {2016}}

@article{Zeng2010,
	Archiveprefix = {arXiv},
	Arxivid = {1007.3597},
	Author = {Zeng, B. and Mu, G. and Luo, H. Q. and Xiang, T. and Mazin, I. I. and Yang, H. and Shan, L. and Ren, C. and Dai, P. C. and Wen, H. H.},
	Date-Added = {2019-02-13 15:38:21 -0500},
	Date-Modified = {2019-02-13 15:38:21 -0500},
	Doi = {10.1038/ncomms1115},
	Eprint = {1007.3597},
	Issn = {20411723},
	Journal = {Nature Communications},
	Number = {8},
	Pmid = {21081910},
	Title = {Anisotropic structure of the order parameter in FeSe0.45Te0.55revealed by angle-resolved specific heat},
	Volume = {1},
	Year = {2010}}

@article{Homes2015,
	Archiveprefix = {arXiv},
	Arxivid = {1502.07604},
	Author = {Homes, C. C. and Dai, Y. M. and Wen, J. S. and Xu, Z. J. and Gu, G. D.},
	Date-Added = {2019-02-13 15:38:21 -0500},
	Date-Modified = {2019-02-13 15:38:21 -0500},
	Doi = {10.1103/PhysRevB.91.144503},
	Eprint = {1502.07604},
	Issn = {1098-0121},
	Journal = {Physical Review B},
	Month = {04},
	Number = {14},
	Pages = {144503},
	Title = {FeTe{$_{0.55}$}Se{$_{0.45}$}: A multiband superconductor in the clean and dirty limit},
	Volume = {91},
	Year = {2015}}

@article{Kim2010,
	Archiveprefix = {arXiv},
	Arxivid = {arXiv:1001.2042v1},
	Author = {Kim, H. and Martin, C. and Gordon, R. T. and Tanatar, M. A. and Hu, J. and Qian, B. and Mao, Z. Q. and Hu, Rongwei and Petrovic, C. and Salovich, N. and Giannetta, R. and Prozorov, R.},
	Date-Added = {2019-02-13 15:38:21 -0500},
	Date-Modified = {2019-02-13 15:38:21 -0500},
	Doi = {10.1103/PhysRevB.81.180503},
	Eprint = {arXiv:1001.2042v1},
	Issn = {10980121},
	Journal = {Physical Review B - Condensed Matter and Materials Physics},
	Keywords = {FeTeSe,penetration depth,pnictide,superconductivity},
	Number = {18},
	Pages = {3--6},
	Title = {London penetration depth and superfluid density of single-crystalline Fe1+y ( Te1-x Sex ) and Fe1+y ( Te1-x Sx )},
	Volume = {81},
	Year = {2010}}

@article{Bendele2010,
	Archiveprefix = {arXiv},
	Arxivid = {1004.0812},
	Author = {Bendele, M. and Weyeneth, S. and Puzniak, R. and Maisuradze, A. and Pomjakushina, E. and Conder, K. and Pomjakushin, V. and Luetkens, H. and Katrych, S. and Wisniewski, A. and Khasanov, R. and Keller, H.},
	Date-Added = {2019-02-13 15:38:21 -0500},
	Date-Modified = {2019-02-13 15:38:21 -0500},
	Doi = {10.1103/PhysRevB.81.224520},
	Eprint = {1004.0812},
	Isbn = {0071398252},
	Issn = {10980121},
	Journal = {Physical Review B - Condensed Matter and Materials Physics},
	Keywords = {FeTeSe,MuSR,penetration depth,pnictide,superconductivity},
	Number = {22},
	Pages = {1--10},
	Title = {Anisotropic superconducting properties of single-crystalline FeSe0.5Te0.5},
	Volume = {81},
	Year = {2010}}

@article{Serafin2010,
	Archiveprefix = {arXiv},
	Arxivid = {1007.3914},
	Author = {Serafin, A. and Coldea, A. I. and Ganin, A. Y. and Rosseinsky, M. J. and Prassides, K. and Vignolles, D. and Carrington, A.},
	Date-Added = {2019-02-13 15:38:21 -0500},
	Date-Modified = {2019-02-13 15:38:21 -0500},
	Doi = {10.1103/PhysRevB.82.104514},
	Eprint = {1007.3914},
	Isbn = {0-12-471252-5},
	Issn = {10980121},
	Journal = {Physical Review B - Condensed Matter and Materials Physics},
	Keywords = {FeTeSe,penetration depth,pnictide,specific heat,transport},
	Number = {10},
	Pages = {1--9},
	Title = {Anisotropic fluctuations and quasiparticle excitations in FeSe 0.5 Te0.5},
	Volume = {82},
	Year = {2010}}

@article{Okazaki2012,
	Archiveprefix = {arXiv},
	Arxivid = {1207.6571},
	Author = {Okazaki, K. and Ito, Y. and Ota, Y. and Kotani, Y. and Shimojima, T. and Kiss, T. and Watanabe, S. and Chen, C. T. and Niitaka, S. and Hanaguri, T. and Takagi, H. and Chainani, A. and Shin, S.},
	Date-Added = {2019-02-13 15:38:21 -0500},
	Date-Modified = {2019-02-13 15:38:21 -0500},
	Doi = {10.1103/PhysRevLett.109.237011},
	Eprint = {1207.6571},
	Issn = {00319007},
	Journal = {Physical Review Letters},
	Title = {Evidence for a cos (4{$\phi$}) modulation of the superconducting energy gap of optimally doped FeTe0.6Se0.4 single crystals using laser angle-resolved photoemission spectroscopy},
	Year = {2012}}

@article{Miao2012,
	Archiveprefix = {arXiv},
	Arxivid = {1107.0985},
	Author = {Miao, H. and Richard, P. and Tanaka, Y. and Nakayama, K. and Qian, T. and Umezawa, K. and Sato, T. and Xu, Y. M. and Shi, Y. B. and Xu, N. and Wang, X. P. and Zhang, P. and Yang, H. B. and Xu, Z. J. and Wen, J. S. and Gu, G. D. and Dai, X. and Hu, J. P. and Takahashi, T. and Ding, H.},
	Date-Added = {2019-02-13 15:38:21 -0500},
	Date-Modified = {2019-02-13 15:38:21 -0500},
	Doi = {10.1103/PhysRevB.85.094506},
	Eprint = {1107.0985},
	Issn = {10980121},
	Journal = {Physical Review B - Condensed Matter and Materials Physics},
	Pmid = {17593453},
	Title = {Isotropic superconducting gaps with enhanced pairing on electron Fermi surfaces in FeTe0.55Se0.45},
	Year = {2012}}

@article{Michioka2010,
	Author = {Michioka, Chishiro and Ohta, Hiroto and Matsui, Mami and Yang, Jinhu and Yoshimura, Kazuyoshi and Fang, Minghu},
	Date-Added = {2019-02-13 15:36:29 -0500},
	Date-Modified = {2019-02-13 15:36:29 -0500},
	Doi = {10.1103/PhysRevB.82.064506},
	Issn = {10980121},
	Journal = {Physical Review B - Condensed Matter and Materials Physics},
	Number = {6},
	Pages = {1--7},
	Title = {Macroscopic physical properties and spin dynamics in the layered superconductor Fe1+{$\delta$}Te1-xSex},
	Volume = {82},
	Year = {2010}}

@article{Kurter2018,
	Author = {Kurter, C. and Finck, A. D. K. and Huemiller, E. D. and Medvedeva, J. and Weis, A. and Atkinson, J. M. and Qiu, Y. and Shen, L. and Lee, S. H. and Vojta, T. and Ghaemi, P. and Hor, Y. S. and {Van Harlingen}, D. J.},
	Date-Added = {2019-02-13 15:31:15 -0500},
	Date-Modified = {2019-02-13 15:31:15 -0500},
	Doi = {10.1021/acs.nanolett.8b02954},
	Issn = {1530-6984},
	Journal = {Nano Letters},
	Pages = {acs.nanolett.8b02954},
	Title = {Conductance Spectroscopy of Exfoliated Thin Flakes of Nb {\textless}sub{\textgreater} {\textless}i{\textgreater}x{\textless}/i{\textgreater} {\textless}/sub{\textgreater} Bi {\textless}sub{\textgreater}2{\textless}/sub{\textgreater} Se {\textless}sub{\textgreater}3{\textless}/sub{\textgreater}},
	Year = {2018}}

@article{Gazibegovic2017,
	Address = {QuTech and Kavli Institute of NanoScience, Delft University of Technology, 2600 GA Delft, The Netherlands.},
	Author = {Gazibegovic, Sasa and Car, Diana and Zhang, Hao and Balk, Stijn C and Logan, John A and de Moor, Michiel W A and Cassidy, Maja C and Schmits, Rudi and Xu, Di and Wang, Guanzhong and Krogstrup, Peter and {Op Het Veld}, Roy L M and Zuo, Kun and Vos, Yoram and Shen, Jie and Bouman, Dani{\"{e}}l and Shojaei, Borzoyeh and Pennachio, Daniel and Lee, Joon Sue and van Veldhoven, Petrus J and Koelling, Sebastian and Verheijen, Marcel A and Kouwenhoven, Leo P and Palmstr{\o}m, Chris J and Bakkers, Erik P A M},
	Date-Added = {2019-02-13 15:29:57 -0500},
	Date-Modified = {2019-02-13 15:29:57 -0500},
	Doi = {10.1038/nature23468},
	Journal = {Nature Publishing Group},
	Keywords = {Al,Fabrication,INSB,InP,Nanowire,PROXIMITY},
	Month = {08},
	Number = {7668},
	Pages = {434--438},
	Publisher = {Nature Publishing Group},
	Title = {Epitaxy of advanced nanowire quantum devices.},
	Volume = {548},
	Year = {2017}}

@article{Albrecht2016,
	Author = {Albrecht, SM and Higginbotham, AP and Madsen, M and Kuemmeth, F and Jespersen, TS and Nyg{\aa}rd, Jesper and Krogstrup, P and Marcus, CM},
	Date-Added = {2019-02-13 15:27:13 -0500},
	Date-Modified = {2019-02-13 15:27:13 -0500},
	Journal = {Nature},
	Pages = {206-209},
	Title = {Exponential protection of zero modes in Majorana islands},
	Volume = {531},
	Year = {2016}}

@article{Zhang2019,
	Author = {Zhang, Cheng and Zhang, Yi and Yuan, Xiang and Lu, Shiheng and Zhang, Jinglei and Narayan, Awadhesh and Liu, Yanwen and Zhang, Huiqin and Ni, Zhuoliang and Liu, Ran and Choi, Eun Sang and Suslov, Alexey and Sanvito, Stefano and Pi, Li and Lu, Hai-Zhou and Potter, Andrew C and Xiu, Faxian},
	Date-Added = {2019-02-13 15:24:09 -0500},
	Date-Modified = {2019-02-13 15:24:09 -0500},
	Doi = {10.1038/s41586-018-0798-3},
	Issn = {1476-4687},
	Journal = {Nature},
	Number = {7739},
	Pages = {331--336},
	Title = {Quantum Hall effect based on Weyl orbits in Cd3As2},
	Volume = {565},
	Year = {2019}}

@article{Langbehn2017,
	Archiveprefix = {arXiv},
	Arxivid = {1708.03640},
	Author = {Langbehn, Josias and Peng, Yang and Trifunovic, Luka and {Von Oppen}, Felix and Brouwer, Piet W.},
	Date-Added = {2019-02-13 15:21:07 -0500},
	Date-Modified = {2019-02-13 15:21:07 -0500},
	Doi = {10.1103/PhysRevLett.119.246401},
	Eprint = {1708.03640},
	Issn = {10797114},
	Journal = {Physical Review Letters},
	Number = {24},
	Pages = {1--5},
	Title = {Reflection-Symmetric Second-Order Topological Insulators and Superconductors},
	Volume = {119},
	Year = {2017}}

@article{Benalcazar2017,
	Author = {Benalcazar, Wladimir A and Bernevig, B. Andrei and Hughes, Taylor L},
	Date-Added = {2019-02-13 15:21:07 -0500},
	Date-Modified = {2019-02-13 15:21:07 -0500},
	Doi = {10.1126/science.aah6442},
	Issn = {0036-8075},
	Journal = {Science},
	Month = {07},
	Number = {6346},
	Pages = {61--66},
	Title = {Quantized electric multipole insulators},
	Volume = {357},
	Year = {2017}}

@article{Song2017,
	Archiveprefix = {arXiv},
	Arxivid = {1708.02952},
	Author = {Song, Zhida and Fang, Zhong and Fang, Chen},
	Date-Added = {2019-02-13 15:21:07 -0500},
	Date-Modified = {2019-02-13 15:21:07 -0500},
	Doi = {10.1103/PhysRevLett.119.246402},
	Eprint = {1708.02952},
	Issn = {10797114},
	Journal = {Physical Review Letters},
	Number = {24},
	Pages = {1--5},
	Title = {(d-2) -Dimensional Edge States of Rotation Symmetry Protected Topological States},
	Volume = {119},
	Year = {2017}}

@article{Wang2018Corner,
	Archiveprefix = {arXiv},
	Arxivid = {1804.04711},
	Author = {Wang, Qiyue and Liu, Cheng-cheng and Lu, Yuan-ming and Zhang, Fan},
	Date-Added = {2019-02-13 15:19:41 -0500},
	Date-Modified = {2019-02-13 15:19:50 -0500},
	Doi = {10.1103/PhysRevLett.121.186801},
	Eprint = {1804.04711},
	Issn = {1079-7114},
	Journal = {Physical Review Letters},
	Number = {18},
	Pages = {186801},
	Publisher = {American Physical Society},
	Title = {High-Temperature Majorana Corner States},
	Volume = {121},
	Year = {2018}}

@article{Ni2018,
	Author = {Ni, Xiang and Weiner, Matthew and Al{\`{u}}, Andrea and Khanikaev, Alexander B.},
	Date-Added = {2019-02-13 15:18:42 -0500},
	Date-Modified = {2019-02-13 15:18:42 -0500},
	Doi = {10.1038/s41563-018-0252-9},
	Issn = {1476-1122},
	Journal = {Nature Materials},
	Month = {12},
	Title = {Observation of higher-order topological acoustic states protected by generalized chiral symmetry},
	Url = {http://www.nature.com/articles/s41563-018-0252-9},
	Year = {2018}}

@article{Nayak2008,
	Address = {AA(Microsoft Station Q, University of California, Santa Barbara, California 93108, USA and Department of Physics and Astronomy, University of California, Los Angeles, California 90095-1547, USA), AA(Alcatel-Lucent, Bell Labs, 600 Mountain Avenue, Murray H},
	Author = {Nayak, Chetan and Simon, Steven H and Stern, Ady and Freedman, Michael and {Das Sarma}, Sankar},
	Date-Added = {2019-02-13 15:17:10 -0500},
	Date-Modified = {2019-02-13 15:17:10 -0500},
	Doi = {10.1103/RevModPhys.80.1083},
	Journal = {Reviews of Modern Physics},
	Month = {07},
	Number = {3},
	Pages = {1083--1159},
	Publisher = {American Physical Society},
	Title = {Non-Abelian anyons and topological quantum computation},
	Volume = {80},
	Year = {2008}}

@article{Armitage2017,
	Archiveprefix = {arXiv},
	Arxivid = {1705.01111},
	Author = {Armitage, N. P. and Mele, E. J. and Vishwanath, Ashvin},
	Date-Added = {2019-02-13 15:15:37 -0500},
	Date-Modified = {2019-02-13 15:15:37 -0500},
	Doi = {10.1103/RevModPhys.90.015001},
	Eprint = {1705.01111},
	Issn = {0034-6861},
	Journal = {Reviews of Modern Physics},
	Pages = {015001},
	Title = {Weyl and Dirac Semimetals in Three Dimensional Solids},
	Volume = {90},
	Year = {2017}}

@article{Balents2010,
	Address = {Kavli Institute for Theoretical Physics, University of California, Santa Barbara, Santa Barbara, California 93106, USA. balents@kitp.ucsb.edu},
	Author = {Balents, Leon},
	Date-Added = {2019-02-13 15:14:59 -0500},
	Date-Modified = {2019-05-22 19:01:54 -0400},
	Doi = {10.1038/nature08917},
	Journal = {Nature},
	Keywords = {Quantum Spin Liquid,Review,Theory},
	Month = {03},
	Number = {7286},
	Pages = {199--208},
	Title = {Spin liquids in frustrated magnets.},
	Volume = {464},
	Year = {2010}}

@article{Zareapour2012,
	Author = {Parisa Zareapour and Alex Hayat and Shu Yang F. Zhao and Michael Kreshchuk and Achint Jain and Daniel C. Kowk and Nara Lee and Sang-Wook Cheong and Zhijun Xu and Alina Yang and G.D. Gu and Shuang Jia and Robert J. Cava and Kenneth S. Burch},
	Doi = {10.1038/ncomms2042},
	Journal = {Nature Communications},
	Pages = {1056},
	Publisher = {Nature Publishing Group},
	Title = {Proximity-induced high-temperature superconductivity in the topological insulators Bi2Se3 and Bi2Te3},
	Url = {http://doi.org/10.1038/ncomms2042},
	Volume = {3},
	Year = {2012},
	Bdsk-Url-1 = {http://doi.org/10.1038/ncomms2042}}

@article{Zhang2018,
	Author = {Zhang, Peng and Yaji, Koichiro and Hashimoto, Takahiro and Ota, Yuichi and Kondo, Takeshi and Okazaki, Kozo and Wang, Zhijun and Wen, Jinsheng and Gu, G. D. and Ding, Hong and Shin, Shik},
	Doi = {10.1126/science.aan4596},
	Eprint = {http://science.sciencemag.org/content/360/6385/182.full.pdf},
	Issn = {0036-8075},
	Journal = {Science},
	Number = {6385},
	Pages = {182--186},
	Publisher = {American Association for the Advancement of Science},
	Title = {Observation of topological superconductivity on the surface of an iron-based superconductor},
	Volume = {360},
	Year = {2018}}

@article{Zhang20192,
	Author = {Zhang, Peng and Wang, Zhijun and Wu, Xianxin and Yaji, Koichiro and Ishida, Yukiaki and Kohama, Yoshimitsu and Dai, Guangyang and Sun, Yue and Bareille, Cedric and Kuroda, Kenta and Kondo, Takeshi and Okazaki, Kozo and Kindo, Koichi and Wang, Xiancheng and Jin, Changqing and Hu, Jiangping and Thomale, Ronny and Sumida, Kazuki and Wu, Shilong and Miyamoto, Koji and Okuda, Taichi and Ding, Hong and Gu, G. D. and Tamegai, Tsuyoshi and Kawakami, Takuto and Sato, Masatoshi and Shin, Shik},
	Doi = {10.1038/s41567-018-0280-z},
	Issn = {1745-2481},
	Journal = {Nature Physics},
	Number = {1},
	Pages = {41-47},
	Title = {Multiple topological states in iron-based superconductors},
	Volume = {15},
	Year = {2019}}

@article{Yin2015,
	Author = {Yin, J.-X. and Wu, Zheng and Wang, J.-H. and Ye, Z.-Y. and Gong, Jing and Hou, X.-Y. and Shan, Lei and Li, Ang and Liang, X.-J. and Wu, X.-X. and Li, Jian and Ting, C.-S. and Wang, Z.-Q. and Hu, J.-P. and Hor, P.-H. and Ding, H. and Pan, S. H.},
	Day = {22},
	Journal = {Nature Physics},
	Month = {06},
	Pages = {543 EP -},
	Publisher = {Nature Publishing Group SN -},
	Title = {Observation of a robust zero-energy bound state in iron-based superconductor Fe(Te,Se)},
	Volume = {11},
	Year = {2015}}

@article{Dong-LaiFeng2018,
	Author = {Liu, Qin and Chen, Chen and Zhang, Tong and Peng, Rui and Yan, Ya-Jun and Wen, Chen-Hao-Ping and Lou, Xia and Huang, Yu-Long and Tian, Jin-Peng and Dong, Xiao-Li and Wang, Guang-Wei and Bao, Wei-Cheng and Wang, Qiang-Hua and Yin, Zhi-Ping and Zhao, Zhong-Xian and Feng, Dong-Lai},
	Doi = {10.1103/PhysRevX.8.041056},
	Issue = {4},
	Journal = {Phys. Rev. X},
	Month = {12},
	Numpages = {12},
	Pages = {041056},
	Publisher = {American Physical Society},
	Title = {Robust and Clean Majorana Zero Mode in the Vortex Core of High-Temperature Superconductor {$\mathbf{(}{\mathrm{Li}}_{0.84}{\mathrm{Fe}}_{0.16}\mathbf{)}\mathrm{OHFeSe}$}},
	Url = {https://link.aps.org/doi/10.1103/PhysRevX.8.041056},
	Volume = {8},
	Year = {2018}}

@article{Wang2015,
	Author = {Wang, Zhijun and Zhang, P. and Xu, Gang and Zeng, L. K. and Miao, H. and Xu, Xiaoyan and Qian, T. and Weng, Hongming and Richard, P. and Fedorov, A. V. and Ding, H. and Dai, Xi and Fang, Zhong},
	Doi = {10.1103/PhysRevB.92.115119},
	Issue = {11},
	Journal = {Phys. Rev. B},
	Month = {09},
	Numpages = {7},
	Pages = {115119},
	Publisher = {American Physical Society},
	Title = {Topological nature of the {${\mathrm{FeSe}}_{0.5}{\mathrm{Te}}_{0.5}$} superconductor},
	Volume = {92},
	Year = {2015}}

@article{Wang2018,
	Author = {Wang, Dongfei and Kong, Lingyuan and Fan, Peng and Chen, Hui and Zhu, Shiyu and Liu, Wenyao and Cao, Lu and Sun, Yujie and Du, Shixuan and Schneeloch, John and Zhong, Ruidan and Gu, Genda and Fu, Liang and Ding, Hong and Gao, Hong-Jun},
	Doi = {10.1126/science.aao1797},
	Eprint = {http://science.sciencemag.org/content/362/6412/333.full.pdf},
	Issn = {0036-8075},
	Journal = {Science},
	Number = {6412},
	Pages = {333--335},
	Publisher = {American Association for the Advancement of Science},
	Title = {Evidence for Majorana bound states in an iron-based superconductor},
	Volume = {362},
	Year = {2018}}

@article{Voerman2019,
	Author = {Voerman, J. A. and de Boer, J. C. and Hashimoto, T. and Huang, Yingkai and Li, Chuan and Brinkman, A.},
	Doi = {10.1103/PhysRevB.99.014510},
	Issue = {1},
	Journal = {Phys. Rev. B},
	Month = {01},
	Numpages = {5},
	Pages = {014510},
	Publisher = {American Physical Society},
	Title = {Dominant s-wave superconducting gap in {${\mathrm{PdTe}}_{2}$} observed by tunneling spectroscopy on side junctions},
	Volume = {99},
	Year = {2019}}

@article{Daghero2011,
	Author = {D Daghero and M Tortello and G A Ummarino and R S Gonnelli},
	Journal = {Reports on Progress in Physics},
	Number = {12},
	Pages = {124509},
	Title = {Directional point-contact Andreev-reflection spectroscopy of Fe-based superconductors: Fermi surface topology, gap symmetry, and electron--boson interaction},
	Volume = {74},
	Year = {2011}}

@article{Deutscher2005,
	Author = {Deutscher, Guy},
	Doi = {10.1103/RevModPhys.77.109},
	Issue = {1},
	Journal = {Rev. Mod. Phys.},
	Month = {03},
	Numpages = {0},
	Pages = {109--135},
	Publisher = {American Physical Society},
	Title = {Andreev--Saint-James reflections: A probe of cuprate superconductors},
	Volume = {77},
	Year = {2005}}

@article{Konig2019,
	Author = {K\"onig, Elio J. and Coleman, Piers},
	Doi = {10.1103/PhysRevLett.122.207001},
	Issue = {20},
	Journal = {Phys. Rev. Lett.},
	Month = {05},
	Numpages = {6},
	Pages = {207001},
	Publisher = {American Physical Society},
	Title = {Crystalline-Symmetry-Protected Helical Majorana Modes in the Iron Pnictides},
	Volume = {122},
	Year = {2019}}

@article{DasSarma2018,
	Author = {Rui-Xing Zhang and William S. Cole and S. Das Sarma},
	Date-Modified = {2019-05-22 19:04:31 -0400},
	Journal = {Physical Review Letters},
	Pages = {187001},
	Title = {Helical Hinge Majoranas in Iron-Based Superconductors},
	Volume = {122},
	Year = {2019}}

@article{Hanaguri2010,
	Author = {Hanaguri, T. and Niitaka, S. and Kuroki, K. and Takagi, H.},
	Doi = {10.1126/science.1187399},
	Eprint = {http://science.sciencemag.org/content/328/5977/474.full.pdf},
	Issn = {0036-8075},
	Journal = {Science},
	Number = {5977},
	Pages = {474--476},
	Publisher = {American Association for the Advancement of Science},
	Title = {Unconventional s-Wave Superconductivity in Fe(Se,Te)},
	Volume = {328},
	Year = {2010}}

@article{Schindler2018,
	Author = {Schindler, Frank and Wang, Zhijun and Vergniory, Maia G. and Cook, Ashley M. and Murani, Anil and Sengupta, Shamashis and Kasumov, Alik Yu and Deblock, Richard and Jeon, Sangjun and Drozdov, Ilya and Bouchiat, H{\'e}l{\`e}ne and Gu{\'e}ron, Sophie and Yazdani, Ali and Bernevig, B. Andrei and Neupert, Titus},
	Doi = {10.1038/s41567-018-0224-7},
	Issn = {1745-2481},
	Journal = {Nature Physics},
	Number = {9},
	Pages = {918-924},
	Title = {Higher-order topology in bismuth},
	Volume = {14},
	Year = {2018}}

@article{Xue2019,
	Author = {Xue, Haoran and Yang, Yahui and Gao, Fei and Chong, Yidong and Zhang, Baile},
	Doi = {10.1038/s41563-018-0251-x},
	Issn = {1476-4660},
	Journal = {Nature Materials},
	Number = {2},
	Pages = {108-112},
	Title = {Acoustic higher-order topological insulator on a kagome lattice},
	Volume = {18},
	Year = {2019},
	Bdsk-Url-1 = {https://doi.org/10.1038/s41563-018-0251-x}}

@article{Chubukov2012,
	Author = {Chubukov, Andrey},
	Doi = {10.1146/annurev-conmatphys-020911-125055},
	Eprint = {https://doi.org/10.1146/annurev-conmatphys-020911-125055},
	Journal = {Annual Review of Condensed Matter Physics},
	Number = {1},
	Pages = {57-92},
	Title = {Pairing Mechanism in Fe-Based Superconductors},
	Volume = {3},
	Year = {2012}}

@article{Sinha1998,
	Author = {Sinha, Saion and Ng, K.-W.},
	Doi = {10.1103/PhysRevLett.80.1296},
	Issue = {6},
	Journal = {Phys. Rev. Lett.},
	Month = {02},
	Numpages = {0},
	Pages = {1296--1299},
	Publisher = {American Physical Society},
	Title = {Zero Bias Conductance Peak Enhancement in {${\mathrm{Bi}}_{2}{\mathrm{Sr}}_{2}{\mathrm{CaCu}}_{2}{O}_{8}/\mathrm{Pb}$} Tunneling Junctions},
	Volume = {80},
	Year = {1998}}

@article{Greene1999,
	Author = {Aprili, M. and Badica, E. and Greene, L. H.},
	Doi = {10.1103/PhysRevLett.83.4630},
	Issue = {22},
	Journal = {Phys. Rev. Lett.},
	Month = {11},
	Numpages = {0},
	Pages = {4630--4633},
	Publisher = {American Physical Society},
	Title = {Doppler Shift of the Andreev Bound States at the YBCO Surface},
	Volume = {83},
	Year = {1999}}

@article{Tanaka2003,
	Author = {Y. Tanaka and Y. Tanuma and K. Kuroki and S. Kashiwaya},
	Doi = {https://doi.org/10.1016/S0921-4526(02)02370-0},
	Issn = {0921-4526},
	Journal = {Physica B: Condensed Matter},
	Pages = {1444 - 1445},
	Title = {Doppler shift of zero energy Andreev bound state},
	Volume = {329-333},
	Year = {2003}}

@article{Klapwijk1992,
	Author = {van Wees, B. J. and de Vries, P. and Magn\'ee, P. and Klapwijk, T. M.},
	Doi = {10.1103/PhysRevLett.69.510},
	Issue = {3},
	Journal = {Phys. Rev. Lett.},
	Month = {07},
	Numpages = {0},
	Pages = {510--513},
	Publisher = {American Physical Society},
	Title = {Excess conductance of superconductor-semiconductor interfaces due to phase conjugation between electrons and holes},
	Volume = {69},
	Year = {1992}}

@article{Sasaki2000,
	Author = {Sasaki, S. and De Franceschi, S. and Elzerman, J. M. and van der Wiel, W. G. and Eto, M. and Tarucha, S. and Kouwenhoven, L. P.},
	Day = {15},
	Journal = {Nature},
	Month = {06},
	Pages = {764},
	Publisher = {Macmillan Magazines Ltd. SN -},
	Title = {Kondo effect in an integer-spin quantum dot},
	Url = {https://doi.org/10.1038/35015509},
	Volume = {405},
	Year = {2000}}

@article{Samokhin2001,
	Author = {Samokhin, K. V. and Walker, M. B.},
	Doi = {10.1103/PhysRevB.64.024507},
	Issue = {2},
	Journal = {Phys. Rev. B},
	Month = {06},
	Numpages = {5},
	Pages = {024507},
	Publisher = {American Physical Society},
	Title = {Effect of magnetic field on impurity bound states in high-{${T}_{c}$} superconductors},
	Volume = {64},
	Year = {2001}}

@article{Liu2010,
	Author = {Liu, T. J. and Hu, J. and Qian, B. and Fobes, D. and Mao, Z. Q. and Bao, W. and Reehuis, M. and Kimber, S. A. J. and Prokes, K. and Matas, S. and Argyriou, D. N. and Hiess, A. and Rotaru, A. and Pham, H. and Spinu, L. and Qiu, Y. and Thampy, V. and Savici, A. T. and Rodriguez, J. A. and Broholm, C.},
	Day = {18},
	Journal = {Nature Materials},
	Month = {07},
	Pages = {718},
	Publisher = {Nature Publishing Group SN -},
	Title = {From (p,0) magnetic order to superconductivity with (p,p) magnetic resonance in Fe1.02Te1-xSex},
	Volume = {9},
	Year = {2010}}

@article{Naidyuk2018,
	Author = {Yurii Naidyuk and Oksana Kvitnitskaya and Dmytro Bashlakov and Saicharan Aswartham and Igor Morozov and Ivan Chernyavskii and G{\"u}nter Fuchs and Stefan-L{\"u}dwig Drechsler and Ruben H{\"u}hne and Kornelius Nielsch and Bernd B{\"u}chner and Dmitriy Efremov},
	Doi = {10.1088/2053-1583/aad3e2},
	Journal = {2D Materials},
	Month = {08},
	Number = {4},
	Pages = {045014},
	Publisher = {{IOP} Publishing},
	Title = {Surface superconductivity in the Weyl semimetal {MoTe}2 detected by point contact spectroscopy},
	Volume = {5},
	Year = {2018}}
	
@article{Machida2018,
    Adsnote = {Provided by the SAO/NASA Astrophysics Data System},
	Adsurl = {https://ui.adsabs.harvard.edu/abs/2018arXiv181208995M},
	Archiveprefix = {arXiv},
	Author = {{Machida}, T. and {Sun}, Y. and {Pyon}, S. and {Takeda}, S. and {Kohsaka}, Y. and {Hanaguri}, T. and {Sasagawa}, T. and {Tamegai}, T.},
	Eid = {arXiv:1812.08995},
	Eprint = {1812.08995},
	Journal = {arXiv e-prints},
	Month = {12},
	Pages = {arXiv:1812.08995},
	Primaryclass = {cond-mat.supr-con},
	Title = {Zero-energy vortex bound state in the superconducting topological surface state of Fe(Se,Te)},
	Year = {2018}}

@article{Chen178,
	Author = {Chen, Y. L. and Analytis, J. G. and Chu, J.-H. and Liu, Z. K. and Mo, S.-K. and Qi, X. L. and Zhang, H. J. and Lu, D. H. and Dai, X. and Fang, Z. and Zhang, S. C. and Fisher, I. R. and Hussain, Z. and Shen, Z.-X.},
	Doi = {10.1126/science.1173034},
	Eprint = {http://science.sciencemag.org/content/325/5937/178.full.pdf},
	Issn = {0036-8075},
	Journal = {Science},
	Number = {5937},
	Pages = {178--181},
	Publisher = {American Association for the Advancement of Science},
	Title = {Experimental Realization of a Three-Dimensional Topological Insulator, Bi2Te3},
	Volume = {325},
	Year = {2009}}

@article{Berthod2011,
  title = {Tunneling conductance and local density of states in tight-binding junctions},
  author = {Berthod, C. and Giamarchi, T.},
  journal = {Phys. Rev. B},
  volume = {84},
  issue = {15},
  pages = {155414},
  numpages = {13},
  year = {2011},
  month = {10},
  publisher = {American Physical Society},
  doi = {10.1103/PhysRevB.84.155414},
  url = {https://link.aps.org/doi/10.1103/PhysRevB.84.155414}
}

 @misc{Kuphaldt2015,
    title={Kelvin (4-wire) Resistance Measurement: DC Metering Circuits: Electronics Textbook},
    url={https://www.allaboutcircuits.com/textbook/direct-current/chpt-8/kelvin-resistance-measurement/},
    journal={All About Circuits},
    publisher={Design Sciences},
    author={Kuphaldt, Tony R},
    year={2015},
    month={02}} 
    
@article{Daghero2010,
    title = {Probing multiband superconductivity by point-contact spectroscopy},
    author = {Daghero, D. and Gonnelli R.S.},
    journal = {Supercond. Sci. Technol.},
    volume = {23},
    number = {4},
    pages = {043001},
    year = {2010},
    month = {03},
    publisher = {{IOP} Publishing},
}